%YAML 1.1
%TAG !u! tag:unity3d.com,2011:
--- !u!1 &1923184598
GameObject:
  m_ObjectHideFlags: 0
  m_CorrespondingSourceObject: {fileID: 0}
  m_PrefabInstance: {fileID: 0}
  m_PrefabAsset: {fileID: 0}
  serializedVersion: 6
  m_Component:
  - component: {fileID: 1923184602}
  - component: {fileID: 1923184601}
  - component: {fileID: 1923184600}
  - component: {fileID: 1923184599}
  m_Layer: 0
  m_Name: Sphere
  m_TagString: Wall
  m_Icon: {fileID: 0}
  m_NavMeshLayer: 0
  m_StaticEditorFlags: 0
  m_IsActive: 1
--- !u!4 &1923184602
Transform:
  m_ObjectHideFlags: 0
  m_CorrespondingSourceObject: {fileID: 0}
  m_PrefabInstance: {fileID: 0}
  m_PrefabAsset: {fileID: 0}
  m_GameObject: {fileID: 1923184598}
  m_LocalRotation: {x: -0, y: -0, z: -0, w: 1}
  m_LocalPosition: {x: -0.34298494, y: 12.464729, z: 0}
  m_LocalScale: {x: 5, y: 7.5556087, z: 5}
  m_ConstrainProportionsScale: 0
  m_Children: []
  m_Father: {fileID: 7060313675737605129}
  m_RootOrder: 0
  m_LocalEulerAnglesHint: {x: 0, y: 0, z: 0}
--- !u!33 &1923184601
MeshFilter:
  m_ObjectHideFlags: 0
  m_CorrespondingSourceObject: {fileID: 0}
  m_PrefabInstance: {fileID: 0}
  m_PrefabAsset: {fileID: 0}
  m_GameObject: {fileID: 1923184598}
  m_Mesh: {fileID: 10207, guid: 0000000000000000e000000000000000, type: 0}
--- !u!23 &1923184600
MeshRenderer:
  m_ObjectHideFlags: 0
  m_CorrespondingSourceObject: {fileID: 0}
  m_PrefabInstance: {fileID: 0}
  m_PrefabAsset: {fileID: 0}
  m_GameObject: {fileID: 1923184598}
  m_Enabled: 1
  m_CastShadows: 1
  m_ReceiveShadows: 1
  m_DynamicOccludee: 1
  m_StaticShadowCaster: 0
  m_MotionVectors: 1
  m_LightProbeUsage: 1
  m_ReflectionProbeUsage: 1
  m_RayTracingMode: 2
  m_RayTraceProcedural: 0
  m_RenderingLayerMask: 1
  m_RendererPriority: 0
  m_Materials:
  - {fileID: 2100000, guid: 4ef0625927ae12249b7de045b3370394, type: 2}
  m_StaticBatchInfo:
    firstSubMesh: 0
    subMeshCount: 0
  m_StaticBatchRoot: {fileID: 0}
  m_ProbeAnchor: {fileID: 0}
  m_LightProbeVolumeOverride: {fileID: 0}
  m_ScaleInLightmap: 1
  m_ReceiveGI: 1
  m_PreserveUVs: 0
  m_IgnoreNormalsForChartDetection: 0
  m_ImportantGI: 0
  m_StitchLightmapSeams: 1
  m_SelectedEditorRenderState: 3
  m_MinimumChartSize: 4
  m_AutoUVMaxDistance: 0.5
  m_AutoUVMaxAngle: 89
  m_LightmapParameters: {fileID: 0}
  m_SortingLayerID: 0
  m_SortingLayer: 0
  m_SortingOrder: 0
  m_AdditionalVertexStreams: {fileID: 0}
--- !u!135 &1923184599
SphereCollider:
  m_ObjectHideFlags: 0
  m_CorrespondingSourceObject: {fileID: 0}
  m_PrefabInstance: {fileID: 0}
  m_PrefabAsset: {fileID: 0}
  m_GameObject: {fileID: 1923184598}
  m_Material: {fileID: 0}
  m_IsTrigger: 0
  m_Enabled: 1
  serializedVersion: 2
  m_Radius: 0.5
  m_Center: {x: 0, y: 0, z: 0}
--- !u!64 &991816030
MeshCollider:
  m_ObjectHideFlags: 0
  m_CorrespondingSourceObject: {fileID: 0}
  m_PrefabInstance: {fileID: 0}
  m_PrefabAsset: {fileID: 0}
  m_GameObject: {fileID: 1895852279563074792}
  m_Material: {fileID: 0}
  m_IsTrigger: 0
  m_Enabled: 1
  serializedVersion: 4
  m_Convex: 0
  m_CookingOptions: 30
  m_Mesh: {fileID: -4584765806159420037, guid: b8049bc218fe8014e9d263e0d7ba32ba, type: 3}
--- !u!1001 &5231186530834275318
PrefabInstance:
  m_ObjectHideFlags: 0
  serializedVersion: 2
  m_Modification:
    m_TransformParent: {fileID: 0}
    m_Modifications:
    - target: {fileID: 2982418205945069567, guid: b8049bc218fe8014e9d263e0d7ba32ba, type: 3}
      propertyPath: m_RootOrder
      value: 0
      objectReference: {fileID: 0}
    - target: {fileID: 2982418205945069567, guid: b8049bc218fe8014e9d263e0d7ba32ba, type: 3}
      propertyPath: m_LocalScale.x
      value: 0.4752287
      objectReference: {fileID: 0}
    - target: {fileID: 2982418205945069567, guid: b8049bc218fe8014e9d263e0d7ba32ba, type: 3}
      propertyPath: m_LocalScale.y
      value: 0.31448734
      objectReference: {fileID: 0}
    - target: {fileID: 2982418205945069567, guid: b8049bc218fe8014e9d263e0d7ba32ba, type: 3}
      propertyPath: m_LocalScale.z
      value: 0.4752287
      objectReference: {fileID: 0}
    - target: {fileID: 2982418205945069567, guid: b8049bc218fe8014e9d263e0d7ba32ba, type: 3}
      propertyPath: m_LocalPosition.x
      value: 17.952997
      objectReference: {fileID: 0}
    - target: {fileID: 2982418205945069567, guid: b8049bc218fe8014e9d263e0d7ba32ba, type: 3}
      propertyPath: m_LocalPosition.y
      value: -0.08
      objectReference: {fileID: 0}
    - target: {fileID: 2982418205945069567, guid: b8049bc218fe8014e9d263e0d7ba32ba, type: 3}
      propertyPath: m_LocalPosition.z
      value: -35.37
      objectReference: {fileID: 0}
    - target: {fileID: 2982418205945069567, guid: b8049bc218fe8014e9d263e0d7ba32ba, type: 3}
      propertyPath: m_LocalRotation.w
      value: 1
      objectReference: {fileID: 0}
    - target: {fileID: 2982418205945069567, guid: b8049bc218fe8014e9d263e0d7ba32ba, type: 3}
      propertyPath: m_LocalRotation.x
      value: -0
      objectReference: {fileID: 0}
    - target: {fileID: 2982418205945069567, guid: b8049bc218fe8014e9d263e0d7ba32ba, type: 3}
      propertyPath: m_LocalRotation.y
      value: -0
      objectReference: {fileID: 0}
    - target: {fileID: 2982418205945069567, guid: b8049bc218fe8014e9d263e0d7ba32ba, type: 3}
      propertyPath: m_LocalRotation.z
      value: -0
      objectReference: {fileID: 0}
    - target: {fileID: 2982418205945069567, guid: b8049bc218fe8014e9d263e0d7ba32ba, type: 3}
      propertyPath: m_LocalEulerAnglesHint.x
      value: 0
      objectReference: {fileID: 0}
    - target: {fileID: 2982418205945069567, guid: b8049bc218fe8014e9d263e0d7ba32ba, type: 3}
      propertyPath: m_LocalEulerAnglesHint.y
      value: 0
      objectReference: {fileID: 0}
    - target: {fileID: 2982418205945069567, guid: b8049bc218fe8014e9d263e0d7ba32ba, type: 3}
      propertyPath: m_LocalEulerAnglesHint.z
      value: 0
      objectReference: {fileID: 0}
    - target: {fileID: 4372854711388093905, guid: b8049bc218fe8014e9d263e0d7ba32ba, type: 3}
      propertyPath: m_Materials.Array.data[0]
      value: 
      objectReference: {fileID: -3894583102517511083, guid: b8049bc218fe8014e9d263e0d7ba32ba, type: 3}
    - target: {fileID: 4372854711388093905, guid: b8049bc218fe8014e9d263e0d7ba32ba, type: 3}
      propertyPath: m_SelectedEditorRenderState
      value: 3
      objectReference: {fileID: 0}
    - target: {fileID: 5969384921705735966, guid: b8049bc218fe8014e9d263e0d7ba32ba, type: 3}
      propertyPath: m_Name
      value: Tree Variant
      objectReference: {fileID: 0}
    m_RemovedComponents: []
  m_SourcePrefab: {fileID: 100100000, guid: b8049bc218fe8014e9d263e0d7ba32ba, type: 3}
--- !u!1 &1895852279563074792 stripped
GameObject:
  m_CorrespondingSourceObject: {fileID: 5969384921705735966, guid: b8049bc218fe8014e9d263e0d7ba32ba, type: 3}
  m_PrefabInstance: {fileID: 5231186530834275318}
  m_PrefabAsset: {fileID: 0}
--- !u!4 &7060313675737605129 stripped
Transform:
  m_CorrespondingSourceObject: {fileID: 2982418205945069567, guid: b8049bc218fe8014e9d263e0d7ba32ba, type: 3}
  m_PrefabInstance: {fileID: 5231186530834275318}
  m_PrefabAsset: {fileID: 0}
